@book{agresti2018introduction,
	title={An introduction to categorical data analysis},
	author={Agresti, Alan},
	year={2018},
	publisher={John Wiley \& Sons}
}

@article{breslow1993approximate,
	title={Approximate inference in generalized linear mixed models},
	author={Breslow, Norman E and Clayton, David G},
	journal={Journal of the American statistical Association},
	volume={88},
	number={421},
	pages={9--25},
	year={1993},
	publisher={Taylor \& Francis Group}
}

@article{knudson2021likelihood,
	title={Likelihood-based inference for generalized linear mixed models: Inference with the R package glmm},
	author={Knudson, Christina and Benson, Sydney and Geyer, Charles and Jones, Galin},
	journal={Stat},
	volume={10},
	number={1},
	pages={e339},
	year={2021},
	publisher={Wiley Online Library}
}

@book{jiang2007linear,
	title={Linear and generalized linear mixed models and their applications},
	author={Jiang, Jiming},
	year={2007},
	publisher={Springer Science \& Business Media}
}

@book{islam2017analysis,
	title={Analysis of repeated measures data},
	author={Islam, M Ataharul and Chowdhury, Rafiqul I},
	year={2017},
	publisher={Springer}
}

@book{diggle2002analysis,
	title={Analysis of longitudinal data},
	author={Diggle, Peter and Diggle, Peter J and Heagerty, Patrick and Liang, Kung-Yee and Heagerty, Patrick J and Zeger, Scott and others},
	year={2002},
	publisher={Oxford University Press}
}

@article{sugasawa2020small,
	title={Small area estimation with mixed models: a review},
	author={Sugasawa, Shonosuke and Kubokawa, Tatsuya},
	journal={Japanese Journal of Statistics and Data Science},
	volume={3},
	number={2},
	pages={693--720},
	year={2020},
	publisher={Springer}
}

@book{kim2020longitudinal,
	title={R과 SAS를 이용한 경시적 자료분석},
	author={김양진},
	year={2020},
	publisher={자유아카데미}
}
% data source of ICHS